@article{tetley2019tissue,
  title={Tissue fluidity promotes epithelial wound healing},
  author={Tetley, Robert J and Staddon, Michael F and Heller, Davide and Hoppe, Andreas and Banerjee, Shiladitya and Mao, Yanlan},
  journal={Nature Physics},
  volume={15},
  number={11},
  pages={1195--1203},
  year={2019},
  publisher={Nature Publishing Group UK London}
}
@article{herrera2018biophysical,
  title={Biophysical control of the cell rearrangements and cell shape changes that build epithelial tissues},
  author={Herrera-Perez, R Marisol and Kasza, Karen E},
  journal={Current Opinion in Genetics \& Development},
  volume={51},
  pages={88--95},
  year={2018},
  publisher={Elsevier}
}
@article{haucke2018membrane,
  title={Membrane remodeling in clathrin-mediated endocytosis},
  author={Haucke, Volker and Kozlov, Michael M},
  journal={Journal of Cell Science},
  volume={131},
  number={17},
  pages={jcs216812},
  year={2018},
  publisher={The Company of Biologists Ltd}
}
@article{prakash2021motility,
  title={Motility-induced fracture reveals a ductile-to-brittle crossover in a simple animal’s epithelia},
  author={Prakash, Vivek N and Bull, Matthew S and Prakash, Manu},
  journal={Nature Physics},
  volume={17},
  number={4},
  pages={504--511},
  year={2021},
  publisher={Nature Publishing Group UK London}
}
@article{charras2008life,
  title={Life and times of a cellular bleb},
  author={Charras, Guillaume T and Coughlin, Margaret and Mitchison, Timothy J and Mahadevan, L},
  journal={Biophysical Journal},
  volume={94},
  number={5},
  pages={1836--1853},
  year={2008},
  publisher={Elsevier}
}
@article{charras2005non,
  title={Non-equilibration of hydrostatic pressure in blebbing cells},
  author={Charras, Guillaume T and Yarrow, Justin C and Horton, Mike A and Mahadevan, L and Mitchison, TJ},
  journal={Nature},
  volume={435},
  number={7040},
  pages={365--369},
  year={2005},
  publisher={Nature Publishing Group UK London}
}
@article{coughlin2006filamin,
  title={Filamin-{A} and rheological properties of cultured melanoma cells},
  author={Coughlin, Mark F and Puig-de-Morales, Marina and Bursac, Predrag and Mellema, Matthew and Millet, Emil and Fredberg, Jeffrey J},
  journal={Biophysical Journal},
  volume={90},
  number={6},
  pages={2199--2205},
  year={2006},
  publisher={Elsevier}
}
@article{wood2002wound,
  title={Wound healing recapitulates morphogenesis in Drosophila embryos},
  author={Wood, William and Jacinto, Antonio and Grose, Richard and Woolner, Sarah and Gale, Jonathan and Wilson, Clive and Martin, Paul},
  journal={Nature Cell Biology},
  volume={4},
  number={11},
  pages={907--912},
  year={2002},
  publisher={Nature Publishing Group UK London}
}
@article{lecuit2007cell,
  title={Cell surface mechanics and the control of cell shape, tissue patterns and morphogenesis},
  author={Lecuit, Thomas and Lenne, Pierre-Francois},
  journal={Nature Reviews Molecular Cell Biology},
  volume={8},
  number={8},
  pages={633--644},
  year={2007},
  publisher={Nature Publishing Group UK London}
}
@article{conte2009robust,
  title={Robust mechanisms of ventral furrow invagination require the combination of cellular shape changes},
  author={Conte, Vito and Mu{\~n}oz, Jos{\'e} J and Baum, Buzz and Miodownik, Mark},
  journal={Physical biology},
  volume={6},
  number={1},
  pages={016010},
  year={2009},
  publisher={IOP Publishing}
}
@article{brugues2014forces,
  title={Forces driving epithelial wound healing},
  author={Brugu{\'e}s, Agust{\'\i} and Anon, Ester and Conte, Vito and Veldhuis, Jim H and Gupta, Mukund and Colombelli, Julien and Mu{\~n}oz, Jos{\'e} J and Brodland, G Wayne and Ladoux, Benoit and Trepat, Xavier},
  journal={Nature Physics},
  volume={10},
  number={9},
  pages={683--690},
  year={2014},
  publisher={Nature Publishing Group UK London}
}
@article{abreu2012drosophila,
  title={Drosophila embryos close epithelial wounds using a combination of cellular protrusions and an actomyosin purse string},
  author={Abreu-Blanco, Maria Teresa and Verboon, Jeffrey M and Liu, Raymond and Watts, James J and Parkhurst, Susan M},
  journal={Journal of Cell Science},
  volume={125},
  number={24},
  pages={5984--5997},
  year={2012},
  publisher={The Company of Biologists Bidder Building, 140 Cowley Road, Cambridge, CB4~…}
}
@article{vedula2015mechanics,
  title={Mechanics of epithelial closure over non-adherent environments},
  author={Vedula, Sri Ram Krishna and Peyret, Gr{\'e}goire and Cheddadi, Ibrahim and Chen, Tianchi and Brugu{\'e}s, Agust{\'\i} and Hirata, Hiroaki and Lopez-Menendez, Horacio and Toyama, Yusuke and Neves de Almeida, Lu{\'\i}s and Trepat, Xavier and others},
  journal={Nature communications},
  volume={6},
  number={1},
  pages={6111},
  year={2015},
  publisher={Nature Publishing Group UK London}
}
@article{farhadifar2007influence,
  title={The influence of cell mechanics, cell-cell interactions, and proliferation on epithelial packing},
  author={Farhadifar, Reza and R{\"o}per, Jens-Christian and Aigouy, Benoit and Eaton, Suzanne and J{\"u}licher, Frank},
  journal={Current biology},
  volume={17},
  number={24},
  pages={2095--2104},
  year={2007},
  publisher={Elsevier}
}
@article{staddon2018cooperation,
  title={Cooperation of dual modes of cell motility promotes epithelial stress relaxation to accelerate wound healing},
  author={Staddon, Michael F and Bi, Dapeng and Tabatabai, A Pasha and Ajeti, Visar and Murrell, Michael P and Banerjee, Shiladitya},
  journal={PLoS Computational Biology},
  volume={14},
  number={10},
  pages={e1006502},
  year={2018},
  publisher={Public Library of Science San Francisco, CA USA}
}
@article{bi2016motility,
  title={Motility-driven glass and jamming transitions in biological tissues},
  author={Bi, Dapeng and Yang, Xingbo and Marchetti, M Cristina and Manning, M Lisa},
  journal={Physical Review X},
  volume={6},
  number={2},
  pages={021011},
  year={2016},
  publisher={APS}
}
@article{paluch2009biology,
  title={Biology and physics of cell shape changes in development},
  author={Paluch, Ewa and Heisenberg, Carl-Philipp},
  journal={Current Biology},
  volume={19},
  number={17},
  pages={R790--R799},
  year={2009},
  publisher={Elsevier}
}
@article{moeendarbary2013cytoplasm,
  title={The cytoplasm of living cells behaves as a poroelastic material},
  author={Moeendarbary, Emad and Valon, L{\'e}o and Fritzsche, Marco and Harris, Andrew R and Moulding, Dale A and Thrasher, Adrian J and Stride, Eleanor and Mahadevan, L and Charras, Guillaume T},
  journal={Nature Materials},
  volume={12},
  number={3},
  pages={253--261},
  year={2013},
  publisher={Nature Publishing Group UK London}
}
@article{park2015unjamming,
  title={Unjamming and cell shape in the asthmatic airway epithelium},
  author={Park, Jin-Ah and Kim, Jae Hun and Bi, Dapeng and Mitchel, Jennifer A. and Qazvini, Nader Taheri and Tantisira, Kelan and Park, Chan Young and McGill, Maureen and Kim, Sae-Hoon and Gweon, Bomi and Notbohm, Jacob and Steward Jr, Robert and Burger, Stephanie and Randell, Scott H. and Kho, Alvin T. and Tambe, Dhananjay T. and Hardin, Corey and Shore, Stephanie A. and Israel, Elliot and Weitz, David A. and Tschumperlin, Daniel J. and Henske, Elizabeth P. and Weiss, Scott T. and Manning, M. Lisa and Butler, James P. and Drazen, Jeffrey M. and Fredberg, Jeffrey J.},
  journal={Nature Materials},
  volume={14},
  number={10},
  pages={1040--1048},
  year={2015},
  publisher={Nature Publishing Group UK London}
}
@article{kollmannsberger2011linear,
  title={Linear and nonlinear rheology of living cells},
  author={Kollmannsberger, Philip and Fabry, Ben},
  journal={Annual review of materials research},
  volume={41},
  pages={75--97},
  year={2011},
  publisher={Annual Reviews}
}
@article{hoffman2006consensus,
  title={The consensus mechanics of cultured mammalian cells},
  author={Hoffman, Brenton D and Massiera, Gladys and Van Citters, Kathleen M and Crocker, John C},
  journal={Proceedings of the National Academy of Sciences},
  volume={103},
  number={27},
  pages={10259--10264},
  year={2006},
  publisher={National Acad Sciences}
}
@article{trepat2008universality,
  title={Universality in cell mechanics},
  author={Trepat, Xavier and Lenormand, Guillaume and Fredberg, Jeffrey J},
  journal={Soft Matter},
  volume={4},
  number={9},
  pages={1750--1759},
  year={2008},
  publisher={Royal Society of Chemistry}
}
@article{janshoff2021viscoelastic,
  title={Viscoelastic properties of epithelial cells},
  author={Janshoff, Andreas},
  journal={Biochemical Society Transactions},
  volume={49},
  number={6},
  pages={2687--2695},
  year={2021},
  publisher={Portland Press Ltd.}
}
@article{lee2012wound,
  title={Wound healing in development},
  author={Lee, Yun-Shain and Wysocki, Annette and Warburton, David and Tuan, Tai-Lan},
  journal={Birth Defects Research Part C: Embryo Today: Reviews},
  volume={96},
  number={3},
  pages={213--222},
  year={2012},
  publisher={Wiley Online Library}
}
@article{shi2018cell,
  title={Cell membranes resist flow},
  author={Shi, Zheng and Graber, Zachary T and Baumgart, Tobias and Stone, Howard A and Cohen, Adam E},
  journal={Cell},
  volume={175},
  number={7},
  pages={1769--1779},
  year={2018},
  publisher={Elsevier}
}
@article{molnar2021plastic,
  title={The plastic cell: mechanical deformation of cells and tissues},
  author={Molnar, Kelly and Labouesse, Michel},
  journal={Open Biology},
  volume={11},
  number={2},
  pages={210006},
  year={2021},
  publisher={The Royal Society}
}
@article{wyatt2016question,
  title={A question of time: tissue adaptation to mechanical forces},
  author={Wyatt, Tom and Baum, Buzz and Charras, Guillaume},
  journal={Current Opinion in Cell Biology},
  volume={38},
  pages={68--73},
  year={2016},
  publisher={Elsevier}
}
@article{staddon2019mechanosensitive,
  title={Mechanosensitive junction remodeling promotes robust epithelial morphogenesis},
  author={Staddon, Michael F and Cavanaugh, Kate E and Munro, Edwin M and Gardel, Margaret L and Banerjee, Shiladitya},
  journal={Biophysical Journal},
  volume={117},
  number={9},
  pages={1739--1750},
  year={2019},
  publisher={Elsevier}
}
@article{khalilgharibi2019stress,
  title={Stress relaxation in epithelial monolayers is controlled by the actomyosin cortex},
  author={Khalilgharibi, Nargess and Fouchard, Jonathan and Asadipour, Nina and Barrientos, Ricardo and Duda, Maria and Bonfanti, Alessandra and Yonis, Amina and Harris, Andrew and Mosaffa, Payman and Fujita, Yasuyuki and Kabla, Alexandre and Mao, Yanlan and Baum, Buzz and Muñoz, José J. and Miodownik, Mark and Charras, Guillaume},
  journal={Nature Physics},
  volume={15},
  number={8},
  pages={839--847},
  year={2019},
  publisher={Nature Publishing Group UK London}
}
@article{munoz2013physiology,
  title={Physiology-based model of cell viscoelasticity},
  author={Mu{\~n}oz, Jos{\'e} J and Albo, Santiago},
  journal={Physical Review E},
  volume={88},
  number={1},
  pages={012708},
  year={2013},
  publisher={APS}
}
@article{boromand2018jamming,
  title={Jamming of deformable polygons},
  author={Boromand, Arman and Signoriello, Alexandra and Ye, Fangfu and O’Hern, Corey S and Shattuck, Mark D},
  journal={Physical Review Letters},
  volume={121},
  number={24},
  pages={248003},
  year={2018},
  publisher={APS}
}
@article{cavanaugh2020rhoa,
  title={RhoA mediates epithelial cell shape changes via mechanosensitive endocytosis},
  author={Cavanaugh, Kate E and Staddon, Michael F and Munro, Edwin and Banerjee, Shiladitya and Gardel, Margaret L},
  journal={Developmental Cell},
  volume={52},
  number={2},
  pages={152--166},
  year={2020},
  publisher={Elsevier}
}
@article{figard2014membrane,
  title={A membrane reservoir at the cell surface: unfolding the plasma membrane to fuel cell shape change},
  author={Figard, Lauren and Sokac, Anna Marie},
  journal={Bioarchitecture},
  volume={4},
  number={2},
  pages={39--46},
  year={2014},
  publisher={Taylor \& Francis}
}
@article{kashef2015quantitative,
  title={Quantitative methods for analyzing cell--cell adhesion in development},
  author={Kashef, Jubin and Franz, Clemens M},
  journal={Developmental Biology},
  volume={401},
  number={1},
  pages={165--174},
  year={2015},
  publisher={Elsevier}
}
@article{krieg2008tensile,
  title={Tensile forces govern germ-layer organization in zebrafish},
  author={Krieg, Michael and Arboleda-Estudillo, Yohanna and Puech, P-H and K{\"a}fer, Jos and Graner, Fran{\c{c}}ois and M{\"u}ller, DJ and Heisenberg, C-P},
  journal={Nature Cell Biology},
  volume={10},
  number={4},
  pages={429--436},
  year={2008},
  publisher={Nature Publishing Group UK London}
}
@article{biron2005molecular,
  title={Molecular model of the contractile ring},
  author={Biron, David and Alvarez-Lacalle, E and Tlusty, Tsvi and Moses, Elisha},
  journal={Physical Review Letters},
  volume={95},
  number={9},
  pages={098102},
  year={2005},
  publisher={APS}
}
@article{stachowiak2014mechanism,
  title={Mechanism of cytokinetic contractile ring constriction in fission yeast},
  author={Stachowiak, Matthew R and Laplante, Caroline and Chin, Harvey F and Guirao, Boris and Karatekin, Erdem and Pollard, Thomas D and O’Shaughnessy, Ben},
  journal={Developmental Cell},
  volume={29},
  number={5},
  pages={547--561},
  year={2014},
  publisher={Elsevier}
}
@article{pietuch2013elastic,
  title={Elastic properties of cells in the context of confluent cell monolayers: impact of tension and surface area regulation},
  author={Pietuch, Anna and Br{\"u}ckner, Bastian Rouven and Fine, Tamir and Mey, Ingo and Janshoff, Andreas},
  journal={Soft Matter},
  volume={9},
  number={48},
  pages={11490--11502},
  year={2013},
  publisher={Royal Society of Chemistry}
}
@article{niethammer2009tissue,
  title={A tissue-scale gradient of hydrogen peroxide mediates rapid wound detection in zebrafish},
  author={Niethammer, Philipp and Grabher, Clemens and Look, A Thomas and Mitchison, Timothy J},
  journal={Nature},
  volume={459},
  number={7249},
  pages={996--999},
  year={2009},
  publisher={Nature Publishing Group UK London}
}
@article{richardson2013adult,
  title={Adult zebrafish as a model system for cutaneous wound-healing research},
  author={Richardson, Rebecca and Slanchev, Krasimir and Kraus, Christopher and Knyphausen, Philipp and Eming, Sabine and Hammerschmidt, Matthias},
  journal={Journal of Investigative Dermatology},
  volume={133},
  number={6},
  pages={1655--1665},
  year={2013},
  publisher={Elsevier}
}
@article{miskolci2019distinct,
  title={Distinct inflammatory and wound healing responses to complex caudal fin injuries of larval zebrafish},
  author={Miskolci, Veronika and Squirrell, Jayne and Rindy, Julie and Vincent, William and Sauer, John Demian and Gibson, Angela and Eliceiri, Kevin W and Huttenlocher, Anna},
  journal={Elife},
  volume={8},
  pages={e45976},
  year={2019},
  publisher={eLife Sciences Publications, Ltd}
}
@article{seo2017silver,
  title={Silver nanoparticles enhance wound healing in zebrafish (Danio rerio)},
  author={Seo, Seung Beom and Dananjaya, SHS and Nikapitiya, Chamilani and Park, Bae Keun and Gooneratne, Ravi and Kim, Tae-Yoon and Lee, Jehee and Kim, Cheol-Hee and De Zoysa, Mahanama},
  journal={Fish \& Shellfish Immunology},
  volume={68},
  pages={536--545},
  year={2017},
  publisher={Elsevier}
}

@article{guo2010factors,
  title={Factors affecting wound healing},
  author={Guo, S A and DiPietro, Luisa A},
  journal={Journal of Dental Research},
  volume={89},
  number={3},
  pages={219--229},
  year={2010},
  publisher={SAGE Publications}
}
@article{george2006basic,
  title={The basic science of wound healing},
  author={George Broughton, II and Janis, Jeffrey E and Attinger, Christopher E},
  journal={Plastic and Reconstructive Surgery},
  volume={117},
  number={7S},
  pages={12S--34S},
  year={2006},
  publisher={LWW}
}
@article{redd2004wound,
  title={Wound healing and inflammation: embryos reveal the way to perfect repair},
  author={Redd, Michael J and Cooper, Lisa and Wood, Will and Stramer, Brian and Martin, Paul},
  journal={Philosophical Transactions of the Royal Society of London. Series B: Biological Sciences},
  volume={359},
  number={1445},
  pages={777--784},
  year={2004},
  publisher={The Royal Society}
}
@article{wong2012focal,
  title={Focal adhesion kinase links mechanical force to skin fibrosis via inflammatory signaling},
  author={Wong, Victor W and Rustad, Kristine C and Akaishi, Satoshi and Sorkin, Michael and Glotzbach, Jason P and Januszyk, Michael and Nelson, Emily R and Levi, Kemal and Paterno, Josemaria and Vial, Ivan N and Kuang, Anna A and Longaker, Michael T and Gurtner, Geoffrey C},
  journal={Nature Medicine},
  volume={18},
  number={1},
  pages={148--152},
  year={2012},
  publisher={Nature Publishing Group US New York}
}
@article{galko2004cellular,
  title={Cellular and genetic analysis of wound healing in Drosophila larvae},
  author={Galko, Michael J and Krasnow, Mark A},
  journal={PLoS biology},
  volume={2},
  number={8},
  pages={e239},
  year={2004},
  publisher={Public Library of Science San Francisco, USA}
}
@article{kuehlmann2020mechanotransduction,
  title={Mechanotransduction in wound healing and fibrosis},
  author={Kuehlmann, Britta and Bonham, Clark A and Zucal, Isabel and Prantl, Lukas and Gurtner, Geoffrey C},
  journal={Journal of Clinical Medicine},
  volume={9},
  number={5},
  pages={1423},
  year={2020},
  publisher={MDPI}
}
@article{davidson2002embryonic,
  title={Embryonic wound healing by apical contraction and ingression in \textit{Xenopus laevis}},
  author={Davidson, Lance A and Ezin, Akouavi M and Keller, Ray},
  journal={Cell Motility and the Cytoskeleton},
  volume={53},
  number={3},
  pages={163--176},
  year={2002},
  publisher={Wiley Online Library}
}
@article{manning2023essay,
  title={Essay: Collections of Deformable Particles Present Exciting Challenges for Soft Matter and Biological Physics},
  author={Manning, M Lisa},
  journal={Physical Review Letters},
  volume={130},
  number={13},
  pages={130002},
  year={2023},
  publisher={APS}
}
@article{ladoux2017mechanobiology,
  title={Mechanobiology of collective cell behaviours},
  author={Ladoux, Benoit and M{\`e}ge, Ren{\'e}-Marc},
  journal={Nature Reviews Molecular Cell Biology},
  volume={18},
  number={12},
  pages={743--757},
  year={2017},
  publisher={Nature Publishing Group UK London}
}
@article{heisenberg2013forces,
  title={Forces in tissue morphogenesis and patterning},
  author={Heisenberg, Carl-Philipp and Bella{\"\i}che, Yohanns},
  journal={Cell},
  volume={153},
  number={5},
  pages={948--962},
  year={2013},
  publisher={Elsevier}
}
@article{guimaraes2020stiffness,
  title={The stiffness of living tissues and its implications for tissue engineering},
  author={Guimar{\~a}es, Carlos F and Gasperini, Luca and Marques, Alexandra P and Reis, Rui L},
  journal={Nature Reviews Materials},
  volume={5},
  number={5},
  pages={351--370},
  year={2020},
  publisher={Nature Publishing Group UK London}
}
@article{cordeiro2013role,
  title={The role of transcription-independent damage signals in the initiation of epithelial wound healing},
  author={Cordeiro, Jo{\~a}o V and Jacinto, Ant{\'o}nio},
  journal={Nature Reviews Molecular Cell Biology},
  volume={14},
  number={4},
  pages={249--262},
  year={2013},
  publisher={Nature Publishing Group UK London}
}
@article{barnes2018mechanical,
  title={Mechanical forces in cutaneous wound healing: emerging therapies to minimize scar formation},
  author={Barnes, Leandra A and Marshall, Clement D and Leavitt, Tripp and Hu, Michael S and Moore, Alessandra L and Gonzalez, Jennifer G and Longaker, Michael T and Gurtner, Geoffrey C},
  journal={Advances in wound care},
  volume={7},
  number={2},
  pages={47--56},
  year={2018},
  publisher={Mary Ann Liebert, Inc. 140 Huguenot Street, 3rd Floor New Rochelle, NY 10801 USA}
}
@article{li2013collective,
  title={Collective cell migration: Implications for wound healing and cancer invasion},
  author={Li, Li and He, Yong and Zhao, Min and Jiang, Jianxin},
  journal={Burns \& Trauma},
  volume={1},
  number={1},
  pages={2321--3868},
  year={2013},
  publisher={Oxford University Press}
}
@misc{supp,
  note={See Supplemental Material at [link] for a detailed description of the model and additional data},
}
@article{balasubramaniam2021investigating,
  title={Investigating the nature of active forces in tissues reveals how contractile cells can form extensile monolayers},
  author={Balasubramaniam, Lakshmi and Doostmohammadi, Amin and Saw, Thuan Beng and Narayana, Gautham Hari Narayana Sankara and Mueller, Romain and Dang, Tien and Thomas, Minnah and Gupta, Shafali and Sonam, Surabhi and Yap, Alpha S and others},
  journal={Nature Materials},
  volume={20},
  number={8},
  pages={1156--1166},
  year={2021},
  publisher={Nature Publishing Group UK London}
}
@article{bi2015density,
  title={A density-independent rigidity transition in biological tissues},
  author={Bi, Dapeng and Lopez, JH and Schwarz, Jennifer M and Manning, M Lisa},
  journal={Nature Physics},
  volume={11},
  number={12},
  pages={1074--1079},
  year={2015},
  publisher={Nature Publishing Group UK London}
}
@article{grosser2021cell,
  title={Cell and nucleus shape as an indicator of tissue fluidity in carcinoma},
  author={Grosser, Steffen and Lippoldt, J{\"u}rgen and Oswald, Linda and Merkel, Matthias and Sussman, Daniel M and Renner, Fr{\'e}d{\'e}ric and Gottheil, Pablo and Morawetz, Erik W and Fuhs, Thomas and Xie, Xiaofan and Pawlizak, Steve and Fritsch, Anatol W. and Wolf, Benjamin and Horn, Lars-Christian and Briest, Susanne and Aktas, Bahriye and Manning, M. Lisa and K{\"a}s, Josef A.},
  journal={Physical Review X},
  volume={11},
  number={1},
  pages={011033},
  year={2021},
  publisher={APS}
}
@Inbook{Aigouy2016,
author="Aigouy, Benoit
and Umetsu, Daiki
and Eaton, Suzanne",
editor="Dahmann, Christian",
title="Segmentation and Quantitative Analysis of Epithelial Tissues",
bookTitle="Drosophila: Methods and Protocols",
year="2016",
publisher="Humana Press",
address="New York",
pages="227--239",
abstract="Epithelia are tissues that regulate exchanges with the environment. They are very dynamic and can acquire virtually any shape; at the cellular level, they are composed of cells tightly connected by junctions. Most often epithelia are amenable to live imaging; however, the large number of cells composing an epithelium and the absence of informatics tools dedicated to epithelial analysis largely prevented tissue scale studies. Here we present Tissue Analyzer, a free tool that can be used to segment and analyze epithelial cells and monitor tissue dynamics.",
}
@article{newman2001fast,
  title={Fast Monte Carlo algorithm for site or bond percolation},
  author={Newman, Mark EJ and Ziff, Robert M},
  journal={Physical Review E},
  volume={64},
  number={1},
  pages={016706},
  year={2001},
  publisher={APS}
}
@article{bitzek2006structural,
  title={Structural relaxation made simple},
  author={Bitzek, Erik and Koskinen, Pekka and G{\"a}hler, Franz and Moseler, Michael and Gumbsch, Peter},
  journal={Physical Review Letters},
  volume={97},
  number={17},
  pages={170201},
  year={2006},
  publisher={APS}
}
@article{harding2014roles,
  title={The roles and regulation of multicellular rosette structures during morphogenesis},
  author={Harding, Molly J and McGraw, Hillary F and Nechiporuk, Alex},
  journal={Development},
  volume={141},
  number={13},
  pages={2549--2558},
  year={2014},
  publisher={The Company of Biologists}
}
@article{solnica2012gastrulation,
  title={Gastrulation: making and shaping germ layers},
  author={Solnica-Krezel, Lila and Sepich, Diane S},
  journal={Annual Review of Cell and Developmental Biology},
  volume={28},
  pages={687--717},
  year={2012},
  publisher={Annual Reviews}
}
@article{vijayraghavan2017mechanics,
  title={Mechanics of neurulation: From classical to current perspectives on the physical mechanics that shape, fold, and form the neural tube},
  author={Vijayraghavan, Deepthi S and Davidson, Lance A},
  journal={Birth Defects Research},
  volume={109},
  number={2},
  pages={153--168},
  year={2017},
  publisher={Wiley Online Library}
}
@article{barton2017active,
  title={Active vertex model for cell-resolution description of epithelial tissue mechanics},
  author={Barton, Daniel L and Henkes, Silke and Weijer, Cornelis J and Sknepnek, Rastko},
  journal={PLoS Computational Biology},
  volume={13},
  number={6},
  pages={e1005569},
  year={2017},
  publisher={Public Library of Science San Francisco, CA USA}
}
@article{treado2021bridging,
  title={Bridging particle deformability and collective response in soft solids},
  author={Treado, John D and Wang, Dong and Boromand, Arman and Murrell, Michael P and Shattuck, Mark D and O'Hern, Corey S},
  journal={Physical Review Materials},
  volume={5},
  number={5},
  pages={055605},
  year={2021},
  publisher={APS}
}
@article{treado2022localized,
  title={Localized growth and remodelling drives spongy mesophyll morphogenesis},
  author={Treado, John D and Roddy, Adam B and Th{\'e}roux-Rancourt, Guillaume and Zhang, Liyong and Ambrose, Chris and Brodersen, Craig R and Shattuck, Mark D and O’Hern, Corey S},
  journal={Journal of the Royal Society Interface},
  volume={19},
  number={197},
  pages={20220602},
  year={2022},
  publisher={The Royal Society}
}
@article{wang2021structural,
  title={The structural, vibrational, and mechanical properties of jammed packings of deformable particles in three dimensions},
  author={Wang, Dong and Treado, John D and Boromand, Arman and Norwick, Blake and Murrell, Michael P and Shattuck, Mark D and O'Hern, Corey S},
  journal={Soft Matter},
  volume={17},
  number={43},
  pages={9901--9915},
  year={2021},
  publisher={Royal Society of Chemistry}
}
@article{cheng2022hopper,
  title={Hopper flows of deformable particles},
  author={Cheng, Yuxuan and Treado, John D and Lonial, Benjamin F and Habdas, Piotr and Weeks, Eric R and Shattuck, Mark D and O'Hern, Corey S},
  journal={Soft Matter},
  volume={18},
  number={42},
  pages={8071--8086},
  year={2022},
  publisher={Royal Society of Chemistry}
}
@article{kelkar2020mechanics,
  title={Mechanics of the cellular actin cortex: From signalling to shape change},
  author={Kelkar, Manasi and Bohec, Pierre and Charras, Guillaume},
  journal={Current opinion in cell biology},
  volume={66},
  pages={69--78},
  year={2020},
  publisher={Elsevier}
}
@article{janmey2007cell,
  title={Cell mechanics: integrating cell responses to mechanical stimuli},
  author={Janmey, Paul A and McCulloch, Christopher A},
  journal={Annu. Rev. Biomed. Eng.},
  volume={9},
  pages={1--34},
  year={2007},
  publisher={Annual Reviews}
}
@article{dai1997cell,
  title={Cell membrane mechanics},
  author={Dai, Jianwu and Sheetz, Michael P},
  journal={Methods in cell biology},
  volume={55},
  pages={157--171},
  year={1997},
  publisher={Elsevier}
}
@article{degen2012embryonic,
  title={Embryonic wound healing: a primer for engineering novel therapies for tissue repair},
  author={Degen, Katherine E and Gourdie, Robert G},
  journal={Birth Defects Research Part C: Embryo Today: Reviews},
  volume={96},
  number={3},
  pages={258--270},
  year={2012},
  publisher={Wiley Online Library}
}
@article{delile2017cell,
  title={A cell-based computational model of early embryogenesis coupling mechanical behaviour and gene regulation},
  author={Delile, Julien and Herrmann, Matthieu and Peyri{\'e}ras, Nadine and Doursat, Ren{\'e}},
  journal={Nature communications},
  volume={8},
  number={1},
  pages={13929},
  year={2017},
  publisher={Nature Publishing Group UK London}
}
@article{ridiandries2018role,
  title={The role of chemokines in wound healing},
  author={Ridiandries, Anisyah and Tan, Joanne TM and Bursill, Christina A},
  journal={International journal of molecular sciences},
  volume={19},
  number={10},
  pages={3217},
  year={2018},
  publisher={MDPI}
}
@article{degen2012embryonic,
  title={Embryonic wound healing: a primer for engineering novel therapies for tissue repair},
  author={Degen, Katherine E and Gourdie, Robert G},
  journal={Birth Defects Research Part C: Embryo Today: Reviews},
  volume={96},
  number={3},
  pages={258--270},
  year={2012},
  publisher={Wiley Online Library}
}
@article{alt2017vertex,
  title={Vertex models: from cell mechanics to tissue morphogenesis},
  author={Alt, Silvanus and Ganguly, Poulami and Salbreux, Guillaume},
  journal={Philosophical Transactions of the Royal Society B: Biological Sciences},
  volume={372},
  number={1720},
  pages={20150520},
  year={2017},
  publisher={The Royal Society}
}